@book{dynamic,
 author = {Harel, David and Tiuryn, Jerzy and Kozen, Dexter},
 title = {Dynamic Logic},
 year = {2000},
 isbn = {0262082896},
 publisher = {MIT Press},
 address = {Cambridge, MA, USA},
} 
